<record><leader>00000cas a2200000 a 4500</leader><controlfield tag="001">11831169</controlfield><controlfield tag="007">hd afu---bucu</controlfield><controlfield tag="008">850321d1969197uncuwr nea     0    0eng c</controlfield><datafield ind1=" " ind2=" " tag="010"><subfield code="a">  2003252649</subfield></datafield><datafield ind1=" " ind2=" " tag="040"><subfield code="a">MNM</subfield><subfield code="b">eng</subfield><subfield code="c">MNM</subfield><subfield code="d">OCL</subfield><subfield code="d">OCLCQ</subfield><subfield code="d">WAU</subfield><subfield code="d">OCLCQ</subfield><subfield code="d">OCLCF</subfield><subfield code="d">CRL</subfield><subfield code="d">OCLCO</subfield><subfield code="d">OCLCQ</subfield></datafield><datafield ind1=" " ind2=" " tag="042"><subfield code="a">pcc</subfield></datafield><datafield ind1=" " ind2=" " tag="043"><subfield code="a">n-us-nc</subfield></datafield><datafield ind1=" " ind2="4" tag="050"><subfield code="a">AN1</subfield><subfield code="b">.U5 Reel 12, 23</subfield></datafield><datafield ind1="0" ind2="0" tag="245"><subfield code="a">Protean radish.</subfield></datafield><datafield ind1=" " ind2=" " tag="260"><subfield code="a">Chapel Hill, N.C. :</subfield><subfield code="b">[publisher not identified],</subfield><subfield code="c">[1969]-</subfield></datafield><datafield ind1=" " ind2=" " tag="300"><subfield code="a">volumes :</subfield><subfield code="b">illustrations ;</subfield><subfield code="c">42 cm</subfield></datafield><datafield ind1=" " ind2=" " tag="310"><subfield code="a">Weekly</subfield></datafield><datafield ind1=" " ind2=" " tag="336"><subfield code="a">text</subfield><subfield code="b">txt</subfield><subfield code="2">rdacontent</subfield></datafield><datafield ind1=" " ind2=" " tag="337"><subfield code="a">microform</subfield><subfield code="b">h</subfield><subfield code="2">rdamedia</subfield></datafield><datafield ind1=" " ind2=" " tag="338"><subfield code="a">microfilm reel</subfield><subfield code="b">hd</subfield><subfield code="2">rdacarrier</subfield></datafield><datafield ind1="0" ind2=" " tag="362"><subfield code="a">Mar. 3, 1969-</subfield></datafield><datafield ind1=" " ind2=" " tag="515"><subfield code="a">Vol. designation began with issue for Oct. 13/19, 1969 as v. 4, no. 5-</subfield></datafield><datafield ind1=" " ind2=" " tag="588"><subfield code="a">Latest issue consulted: Vol. 4, no. 13 (Dec. 17, [1969]/Jan. 7, [1970]).</subfield></datafield><datafield ind1=" " ind2=" " tag="533"><subfield code="a">Microfilm.</subfield><subfield code="b">Wooster, Ohio :</subfield><subfield code="c">Bell &amp; Howell Co.</subfield><subfield code="e">microfilm reels ; 35 mm.</subfield><subfield code="f">(Underground newspaper collection).</subfield><subfield code="n">Filmed with other titles.</subfield></datafield><datafield ind1=" " ind2="0" tag="651"><subfield code="a">Chapel Hill (N.C.)</subfield><subfield code="v">Newspapers.</subfield></datafield><datafield ind1=" " ind2="0" tag="651"><subfield code="a">Orange County (N.C.)</subfield><subfield code="v">Newspapers.</subfield></datafield><datafield ind1=" " ind2="7" tag="651"><subfield code="a">North Carolina</subfield><subfield code="z">Chapel Hill.</subfield><subfield code="2">fast</subfield><subfield code="0">(OCoLC)fst01206600</subfield></datafield><datafield ind1=" " ind2="7" tag="651"><subfield code="a">North Carolina</subfield><subfield code="z">Orange County.</subfield><subfield code="2">fast</subfield><subfield code="0">(OCoLC)fst01220945</subfield></datafield><datafield ind1=" " ind2="7" tag="655"><subfield code="a">Newspapers.</subfield><subfield code="2">fast</subfield><subfield code="0">(OCoLC)fst01423814</subfield></datafield><datafield ind1=" " ind2="7" tag="655"><subfield code="a">Underground newspapers</subfield><subfield code="z">North Carolina</subfield><subfield code="z">Chapel Hill.</subfield><subfield code="2">ngl</subfield></datafield><datafield ind1=" " ind2=" " tag="752"><subfield code="a">United States</subfield><subfield code="b">North Carolina</subfield><subfield code="c">Orange</subfield><subfield code="d">Chapel Hill.</subfield></datafield><datafield ind1="1" ind2=" " tag="776"><subfield code="c">Original</subfield><subfield code="w">(DLC)sn 93065769</subfield><subfield code="w">(OCoLC)17736505</subfield></datafield><datafield ind1="0" ind2="0" tag="780"><subfield code="t">Radish</subfield><subfield code="w">(DLC)  2003252648</subfield><subfield code="w">(OCoLC)7558765</subfield></datafield><datafield ind1=" " ind2="0" tag="830"><subfield code="a">Underground newspaper collection.</subfield></datafield><datafield ind1="1" ind2=" " tag="029"><subfield code="a">AU@</subfield><subfield code="b">000011893168</subfield></datafield><datafield ind1="1" ind2=" " tag="029"><subfield code="a">AU@</subfield><subfield code="b">000024730373</subfield></datafield><datafield ind1="1" ind2=" " tag="029"><subfield code="a">AU@</subfield><subfield code="b">000041101825</subfield></datafield></record>